@article{poliquin2000local,
  title={Local differentiability of distance functions},
  author={Poliquin, Ren{\'e} and Rockafellar, R and Thibault, Lionel},
  journal={Transactions of the American Mathematical Society},
  volume={352},
  number={11},
  pages={5231--5249},
  year={2000}
}
@misc{maisonobe2003,
  author = {L. MAISONOBE},
  title = {{Quick computation of the distance between a point
and an ellipse}},
  howpublished = "\url{http://www.spaceroots.org/documents/distance/distance-to-ellipse.pdf}",
  year = {2003}, 
  note = "[Online; accessed March 6, 2019]"
}
@article{choi2006continuous,
  title={Continuous collision detection for two moving elliptic disks},
  author={Choi, Y-K and Wang, Wenping and Liu, Yang and Kim, M-S},
  journal={IEEE Transactions on Robotics},
  volume={22},
  number={2},
  pages={213--224},
  year={2006},
  publisher={IEEE}
}

@article{maury2011discrete,
  title={A discrete contact model for crowd motion},
  author={Maury, Bertrand and Venel, Juliette},
  journal={ESAIM: Mathematical Modelling and Numerical Analysis},
  volume={45},
  number={1},
  pages={145--168},
  year={2011},
  publisher={EDP Sciences}
}

@article{edmond2005relaxation,
  title={Relaxation of an optimal control problem involving a perturbed sweeping process},
  author={Edmond, Jean Fenel and Thibault, Lionel},
  journal={Mathematical programming},
  volume={104},
  number={2-3},
  pages={347--373},
  year={2005},
  publisher={Springer}
}



